@misc{libpcap,
    author    = "The Tcpdump team",
    title     = "libpcap",
    howpublished = "\url{https://github.com/the-tcpdump-group/libpcap}"
}

@misc{updatedvulnet,
    author    = "Sang Kil Cha",
    title     = "Updated vulnet.c",
    howpublished = "\url{https://github.com/KAIST-IS521/vulnet/blob/dumb-protection/vulnet.c}"
}

@misc{rawsocketexample,
    author    = "SUBODH SAXENA",
    title     = "{A Guide to Using Raw Sockets}",
    howpublished = "\url{http://opensourceforu.com/2015/03/a-guide-to-using-raw-sockets/}"
}